%% Saminda Abeyruwan

@article{abeyruwan2016semiAutomatic,
	title={{Semi-Automatic Extraction of Training Examples from Sensor Readings for Tracking Human Activities}},
	author={Abeyruwan, Saminda and Sarkar, Dilip and Sikder, Faisal and Visser, Ubbo},
	journal={In prepartion},
	year={2016}
}

@article{callahan2016,
	title={{RegenBase: A knowledge base of spinal cord injury biology for translational 
	research}},
	author={Callahan, Alison and Abeyruwan, Saminda and  Al-Ali, Hassan and Ferguson, Adam and  Popovich, Phillip and Shah, Nigam and Visser, Ubbo and Bixby, John and Lemmon, Vance},
	journal={In prepartion},
	year={2016}
}

@article{abeyruwan2014evolving,
  title={{Evolving BioAssay Ontology (BAO): modularization, integration and applications}},
  author={Abeyruwan, Saminda and Vempati, Uma D and K{\"u}{\c{c}}{\"u}k-McGinty, Hande and Visser, 
  Ubbo and Koleti, Amar and Mir, Ahsan and Sakurai, Kunie and Chung, Caty and Bittker, Joshua A and 
  Clemons, Paul A and others},
  journal={Journal of biomedical semantics},
  volume={5},
  number={Suppl 1},
  pages={S5},
  year={2014},
  publisher={BioMed Central Ltd}
}

@article{lemmon2014facilitating,
  title={Facilitating transparency in spinal cord injury studies using data standards and 
  ontologies},
  author={Lemmon, Vance P and Abeyruwan, Saminda and Visser, Ubbo and Bixby, John L},
  journal={Neural regeneration research},
  volume={9},
  number={1},
  pages={6},
  year={2014},
  publisher={Medknow Publications}
}

@inproceedings{callahan2014minimum,
  title={MINIMUM INFORMATION ABOUT A SPINAL CORD INJURY EXPERIMENT (MIASCI): CONCEPTS AND 
  INTEGRATION WITH THE REGENBASE ONTOLOGY},
  author={Callahan, AV and Sakurai, K and Abeyruwan, SW and Ferguson, AR and Popovich, PG and 
  Visser, U and Bixby, JL and Lemmon, VP},
  booktitle={Journal of Neurotrauma},
  volume={31},
  number={12},
  pages={A35--A35},
  year={2014}
}



@incollection{abeyruwan2013prontolearn,
  title={{PrOntoLearn: Unsupervised Lexico-Semantic Ontology Generation using Probabilistic Methods}},
  author={Abeyruwan, Saminda and Visser, Ubbo and Lemmon, Vance and Sch{\"u}rer, Stephan},
  booktitle={Uncertainty Reasoning for the Semantic Web II},
  pages={217--236},
  year={2013},
  publisher={Springer Berlin Heidelberg}
}

@article{vempati2012formalization,
  title={{Formalization, annotation and analysis of diverse drug and probe screening assay datasets 
  using the BioAssay Ontology (BAO)}},
  author={Vempati, Uma D and Przydzial, Magdalena J and Chung, Caty and Abeyruwan, Saminda and Mir, 
  Ahsan and Sakurai, Kunie and Visser, Ubbo and Lemmon, Vance P and Sch{\"u}rer, Stephan C},
  journal={PloS one},
  volume={7},
  number={11},
  pages={e49198},
  year={2012},
  publisher={Public Library of Science}
}

@article{DBLP:journals/bmcbi/VisserAVSLS11,
  author    = {Ubbo Visser and
               Saminda Abeyruwan and
               Uma Vempati and
               Robin P. Smith and
               Vance P. Lemmon and
               Stephan C. Sch{\"u}rer},
  title     = {{BioAssay Ontology (BAO): A Semantic Description of Bioassays
               and High-Throughput Screening Results}},
  journal   = {BMC Bioinformatics},
  volume    = {12},
  year      = {2011},
  pages     = {257},
  ee        = {http://dx.doi.org/10.1186/1471-2105-12-257},
  bibsource = {DBLP, http://dblp.uni-trier.de}
}

