%% Saminda Abeyruwan

@article{abeyruwan2010baosearch,
  title={{BAOSearch: a semantic web application for biological screening and drug discovery research}},
  author={Abeyruwan, Saminda and Chung, Caty and Datar, Nakul and Gayanilo, Felimon and Lemmon, Vance and Mader, Christopher and Ogihara, Mitsunori and Sakurai, Kunie and Smith, Robin and Vempati, Uma and others},
  year={2010}
}

@article{DBLP:journals/corr/AbeyruwanSV14,
	Author = {Saminda Abeyruwan and Andreas Seekircher and Ubbo Visser},
	Bibsource = {dblp computer science bibliography, http://dblp.org},
	Biburl = {http://dblp.uni-trier.de/rec/bib/journals/corr/AbeyruwanSV14},
	Date-Modified = {2014-12-03 20:59:47 +0000},
	Journal = {CoRR},
	Timestamp = {Wed, 05 Mar 2014 14:43:44 +0100},
	Title = {{Off-Policy General Value Functions to Represent Dynamic Role Assignments in RoboCup 3D Soccer Simulation}},
	Url = {http://arxiv.org/abs/1402.4525},
	Year = {2014},
	Bdsk-Url-1 = {http://arxiv.org/abs/1402.4525}}

@misc{abeyruwanmicro,
  title={{Micro Scale Village Based Dendro Power Development}},
  author={Abeyruwan, Saminda and Indrasiri, Prasad and Perera, Dilan and Suduge, Uditha},
  year = {2004}
}

@misc{POSTERISWC2010,
  title      = 	 {{A Semantic Web Application for Biological Screening and Drug Discovery Research}},
  howpublished = {\url{iswc2010.semanticweb.org/}},
  year = {2010}
}

@misc{POSTERISWC2011,
  title = {{BioAssay Ontology to describe high-throughput screening assays and their results}},
  howpublished = {\url{www.slas.org/events/sbs11/index.cfm}},
  year = {2011}
}

	
	

